@book{bellman,
  title={Dynamic programming},
  author={Bellman, Richard},
  year={2013},
  publisher={Courier Corporation}
}
@article{liuyu,
author = {Liu, Huan and Yu, Lei},
year = {2005},
month = {04},
pages = {491-502},
title = {Yu, L.: Toward Integrating Feature Selection Algorithm for Classification and Clustering. IEEE Transaction on Knowledge and Data Engineering 17(4), 491-502},
volume = {17},
booktitle = {IEEE Transactions on Knowledge and Data Engineering - TKDE}
}

@ARTICLE{dash97,
    author = {M. Dash and H. Liu},
    title = {Feature Selection for Classification},
    journal = {Intelligent Data Analysis},
    year = {1997},
    volume = {1},
    pages = {131--156}
}